@incollection{Rumelhart:1988,
 author = {Rumelhart, David E. and Hinton, Geoffrey E. and Williams, Ronald J.},
 chapter = {Learning Representations by Back-propagating Errors},
 title = {Neurocomputing: Foundations of Research},
 editor = {Anderson, James A. and Rosenfeld, Edward},
 year = {1988},
 isbn = {0-262-01097-6},
 pages = {696--699},
 numpages = {4},
 url = {http://dl.acm.org/citation.cfm?id=65669.104451},
 acmid = {104451},
 publisher = {MIT Press},
 address = {Cambridge, MA, USA},
} 

@book{Bishop:2006,
 author = {Bishop, Christopher M.},
 title = {Pattern Recognition and Machine Learning (Information Science and Statistics)},
 year = {2006},
 isbn = {0387310738},
 publisher = {Springer-Verlag New York, Inc.},
 address = {Secaucus, NJ, USA},
} 

@article{Srivastava:2014,
 author = {Srivastava, Nitish and Hinton, Geoffrey and Krizhevsky, Alex and Sutskever, Ilya and Salakhutdinov, Ruslan},
  title = {Dropout: A Simple Way to Prevent Neural Networks from Overfitting},
   journal = {J. Mach. Learn. Res.},
    issue_date = {January 2014},
	 volume = {15},
	  number = {1},
	   month = jan,
	    year = {2014},
		 issn = {1532-4435},
		  pages = {1929--1958},
		   numpages = {30},
		    url = {http://dl.acm.org/citation.cfm?id=2627435.2670313},
			 acmid = {2670313},
			  publisher = {JMLR.org},
			   keywords = {deep learning, model combination, neural networks, regularization},
			   }