@incollection{Rumelhart:1988,
 author = {Rumelhart, David E. and Hinton, Geoffrey E. and Williams, Ronald J.},
 chapter = {Learning Representations by Back-propagating Errors},
 title = {Neurocomputing: Foundations of Research},
 editor = {Anderson, James A. and Rosenfeld, Edward},
 year = {1988},
 isbn = {0-262-01097-6},
 pages = {696--699},
 numpages = {4},
 url = {http://dl.acm.org/citation.cfm?id=65669.104451},
 acmid = {104451},
 publisher = {MIT Press},
 address = {Cambridge, MA, USA},
} 
